</records><echoedSearchRetrieveRequest><version>1.1</version><query>dnb.idn=136273165X</query><xQuery xmlns:xsi="http://www.w3.org/2001/XMLSchema-instance" xsi:nil="true"/><recordSchema>MARC21-xml</recordSchema></echoedSearchRetrieveRequest></searchRetrieveResponse>

<searchRetrieveResponse xmlns="http://www.loc.gov/zing/srw/"><version>1.1</version><numberOfRecords>1</numberOfRecords><records><record><recordSchema>MARC21-xml</recordSchema><recordPacking>xml</recordPacking><recordData><record xmlns="http://www.loc.gov/MARC21/slim" type="Bibliographic">
    <leader>00000nam a2200000 c 4500</leader>
    <controlfield tag="001">481074163</controlfield>
    <controlfield tag="003">DE-101</controlfield>
    <controlfield tag="005">20240428003509.0</controlfield>
    <controlfield tag="007">tu</controlfield>
    <controlfield tag="008">941015s1961    xx ||||| m||| 00||||ger  </controlfield>
    <datafield tag="016" ind1="7" ind2=" ">
      <subfield code="2">DE-101</subfield>
      <subfield code="a">481074163</subfield>
    </datafield>
    <datafield tag="035" ind1=" " ind2=" ">
      <subfield code="a">(DE-599)DNB481074163</subfield>
    </datafield>
    <datafield tag="035" ind1=" " ind2=" ">
      <subfield code="a">(OCoLC)73980608</subfield>
    </datafield>
    <datafield tag="040" ind1=" " ind2=" ">
      <subfield code="a">1100</subfield>
      <subfield code="b">ger</subfield>
      <subfield code="c">DE-101</subfield>
      <subfield code="d">0292</subfield>
    </datafield>
    <datafield tag="041" ind1=" " ind2=" ">
      <subfield code="a">ger</subfield>
    </datafield>
    <datafield tag="044" ind1=" " ind2=" ">
      <subfield code="c">XA-DDDE</subfield>
    </datafield>
    <datafield tag="100" ind1="1" ind2=" ">
      <subfield code="0">(DE-588)142677116</subfield>
      <subfield code="0">https://d-nb.info/gnd/142677116</subfield>
      <subfield code="0">(DE-101)142677116</subfield>
      <subfield code="a">Bielka, Rudolf</subfield>
      <subfield code="d">1916-1998</subfield>
      <subfield code="e">Verfasser</subfield>
      <subfield code="4">aut</subfield>
      <subfield code="2">gnd</subfield>
    </datafield>
    <datafield tag="245" ind1="1" ind2="0">
      <subfield code="a">Über Ergebnisse chemischer und biologischer Untersuchungen wertbestimmender Merkmale von hydroponisch kultiviertem Gemüse</subfield>
    </datafield>
    <datafield tag="264" ind1=" " ind2="1">
      <subfield code="a">Leipzig</subfield>
      <subfield code="c">1961</subfield>
    </datafield>
    <datafield tag="264" ind1=" " ind2="3">
      <subfield code="a">[S.l.] @</subfield>
      <subfield code="b">[s.n.] @</subfield>
    </datafield>
    <datafield tag="300" ind1=" " ind2=" ">
      <subfield code="a">149 gez. Bl. mit eingekl. Abb.</subfield>
      <subfield code="c">4 [Maschinenschr.]</subfield>
    </datafield>
    <datafield tag="336" ind1=" " ind2=" ">
      <subfield code="a">Text</subfield>
      <subfield code="b">txt</subfield>
      <subfield code="2">rdacontent</subfield>
    </datafield>
    <datafield tag="337" ind1=" " ind2=" ">
      <subfield code="a">ohne Hilfsmittel zu benutzen</subfield>
      <subfield code="b">n</subfield>
      <subfield code="2">rdamedia</subfield>
    </datafield>
    <datafield tag="338" ind1=" " ind2=" ">
      <subfield code="a">Band</subfield>
      <subfield code="b">nc</subfield>
      <subfield code="2">rdacarrier</subfield>
    </datafield>
    <datafield tag="366" ind1=" " ind2=" ">
      <subfield code="c">OP 20150504</subfield>
      <subfield code="2">onixas</subfield>
    </datafield>
    <datafield tag="502" ind1=" " ind2=" ">
      <subfield code="a">Leipzig, Landwirtsch. F., Hab. Schr. v. 30. Jan. 1961 (Nicht f. d. Aust.)</subfield>
      <subfield code="o">U 61.6209</subfield>
    </datafield>
    <datafield tag="655" ind1=" " ind2="7">
      <subfield code="0">(DE-588)4113937-9</subfield>
      <subfield code="0">https://d-nb.info/gnd/4113937-9</subfield>
      <subfield code="0">(DE-101)041139372</subfield>
      <subfield code="a">Hochschulschrift</subfield>
      <subfield code="2">gnd-content</subfield>
    </datafield>
    <datafield tag="850" ind1=" " ind2=" ">
      <subfield code="a">DE-101a</subfield>
      <subfield code="a">DE-101b</subfield>
    </datafield>
    <datafield tag="856" ind1="4" ind2="2">
      <subfield code="m">B:DE-101</subfield>
      <subfield code="q">application/pdf</subfield>
      <subfield code="u">https://d-nb.info/481074163/04</subfield>
      <subfield code="3">Inhaltsverzeichnis</subfield>
    </datafield>
    <datafield tag="925" ind1="r" ind2=" ">
      <subfield code="a">rh</subfield>
    </datafield>
  </record></recordData><recordPosition>1</recordPosition></record>